<?xml version="1.0" encoding="UTF-8"?><collection xmlns="http://www.loc.gov/MARC21/slim"><record><leader>00556nam--2200181-i-4500</leader><controlfield tag="001">000032715</controlfield><controlfield tag="002">20161230</controlfield><controlfield tag="005">20161230201039</controlfield><controlfield tag="008">060222s1000------------r-----000-0-eng-d</controlfield><datafield ind1=" " ind2=" " tag="040"><subfield code="a">IFIN-HH</subfield></datafield><datafield ind1=" " ind2=" " tag="080"><subfield code="a">517.51</subfield></datafield><datafield ind1="1" ind2=" " tag="100"><subfield code="a">Meinardus, Gunter</subfield></datafield><datafield ind1="1" ind2="0" tag="245"><subfield code="a">Approximation of functions: theory and numerical methods. translated by larry l.schumaker</subfield><subfield code="c">Gunter meinardus</subfield></datafield><datafield ind1=" " ind2=" " tag="260"><subfield code="a">Berlin</subfield><subfield code="b">Springer-verlag</subfield><subfield code="c">1967</subfield></datafield><datafield ind1=" " ind2=" " tag="300"><subfield code="a">VIII+198P</subfield></datafield><datafield ind1=" " ind2=" " tag="490"><subfield code="a">Springer Tracts In Natural Phylosophy. Vol. 13</subfield></datafield><datafield ind1=" " ind2=" " tag="852"><subfield code="a">22065</subfield><subfield code="c">53.01</subfield></datafield><datafield ind1=" " ind2=" " tag="CAT"><subfield code="a">Sys</subfield><subfield code="c">20151013</subfield><subfield code="h">120442</subfield></datafield></record></collection>